@article{quigley2009ros,
    author    = {Morgan Quigley and 
                Ken Conle and 
                Brian Gerkey and 
                Josh Faust and 
                Tully Foote and 
                Jeremy Leibs and 
                Rob Wheeler and 
                Andrew Ng},
    title     = {ROS: an open-source Robot Operating System},
    journal   = {ICRA Workshop on Open Source Software},
    pages     = {1--6},
    volume    = {3},
    number    = {3.2},
    month     = {01},
    year      = {2009},
}

@inproceedings{huang2014rosrv,
  author    = {Jeff Huang and
               Cansu Erdogan and
               Yi Zhang and
               Brandon M. Moore and
               Qingzhou Luo and
               Aravind Sundaresan and
               Grigore Rosu},
  editor    = {Borzoo Bonakdarpour and
               Scott A. Smolka},
  title     = {{ROSRV:} Runtime Verification for Robots},
  booktitle = {Runtime Verification - 5th International Conference, {RV} 2014},
  series    = {Lecture Notes in Computer Science},
  volume    = {8734},
  pages     = {247--254},
  publisher = {Springer},
  year      = {2014},
  doi       = {10.1007/978-3-319-11164-3\_20},
}

@inproceedings{ferrando2020rosmonitoring,
  author    = {Angelo Ferrando and
               Rafael C. Cardoso and
               Michael Fisher and
               Davide Ancona and
               Luca Franceschini and
               Viviana Mascardi},
  editor    = {Abdelkhalick Mohammad and
               Xin Dong and
               Matteo Russo},
  title     = {ROSMonitoring: {A} Runtime Verification Framework for {ROS}},
  booktitle = {Towards Autonomous Robotic Systems - 21st Annual Conference, {TAROS}
               2020},
  series    = {Lecture Notes in Computer Science},
  volume    = {12228},
  pages     = {387--399},
  publisher = {Springer},
  year      = {2020},
  doi       = {10.1007/978-3-030-63486-5\_40},
}

@article{humeniuk2022testcps,
  author    = {Dmytro Humeniuk and
               Foutse Khomh and
               Giuliano Antoniol},
  title     = {A search-based framework for automatic generation of testing environments
               for cyber-physical systems},
  journal   = {Inf. Softw. Technol.},
  volume    = {149},
  pages     = {106936},
  year      = {2022},
  doi       = {10.1016/j.infsof.2022.106936},
}

@inproceedings{meng2022ltlgreybox,
  author    = {Ruijie Meng and
               Zhen Dong and
               Jialin Li and
               Ivan Beschastnikh and
               Abhik Roychoudhury},
  title     = {Linear-time Temporal Logic guided Greybox Fuzzing},
  booktitle = {44th {IEEE/ACM} 44th International Conference on Software Engineering,
               {ICSE} 2022},
  pages     = {1343--1355},
  publisher = {{IEEE}},
  year      = {2022},
  doi       = {10.1145/3510003.3510082},
}

@inproceedings{zizyte2021safetyauto,
  author    = {Milda Zizyte and
               Casidhe Hutchison and
               Raewyn Duvall and
               Claire Le Goues and
               Philip Koopman},
  title     = {The Importance of Safety Invariants in Robustness Testing Autonomy
               Systems},
  booktitle = {51st Annual {IEEE/IFIP} International Conference on Dependable Systems
               and Networks, {DSN} 2021},
  pages     = {41--44},
  publisher = {{IEEE}},
  year      = {2021},
  doi       = {10.1109/DSN-S52858.2021.00028},
}